<record xmlns="http://www.loc.gov/MARC21/slim" xmlns:xsi="http://www.w3.org/2001/XMLSchema-instance" xsi:schemaLocation="http://www.loc.gov/MARC21/slim http://www.loc.gov/standards/marcxml/schema/MARC21slim.xsd"><leader>02320nam a2200445   4500</leader><controlfield tag="001">3110526</controlfield><controlfield tag="003">NNC</controlfield><controlfield tag="006">m        d        </controlfield><controlfield tag="007">cr cn |||m|||a</controlfield><controlfield tag="008">150110s1888    le      o     000 0 araod</controlfield><datafield ind1=" " ind2=" " tag="040"><subfield code="a">NNU</subfield><subfield code="b">eng</subfield><subfield code="e">rda</subfield><subfield code="c">NNU</subfield></datafield><datafield ind1="1" ind2=" " tag="100"><subfield code="6">880-01</subfield><subfield code="a">Ifti&#772;mu&#772;s, Yu&#772;suf Fa&#772;ris.</subfield></datafield><datafield ind1="1" ind2="0" tag="240"><subfield code="6">880-02</subfield><subfield code="a">T&#803;i&#772;b al-&#699;arf fi&#772; fann al-s&#803;arf</subfield></datafield><datafield ind1="1" ind2="0" tag="245"><subfield code="6">880-03</subfield><subfield code="a">Kita&#772;b t&#803;i&#772;b al-&#699;arf fi&#772; fann al-s&#803;arf /</subfield><subfield code="c">[Yu&#772;suf Fa&#772;ris Ifti&#772;mu&#772;s, Sa&#699;i&#772;d &#699;Abd Alla&#772;h Shuqayr].</subfield></datafield><datafield ind1="3" ind2=" " tag="246"><subfield code="6">880-04</subfield><subfield code="a">T&#803;i&#772;b al-&#699;arf fi&#772; fann al-s&#803;arf</subfield></datafield><datafield ind1=" " ind2=" " tag="260"><subfield code="6">880-05</subfield><subfield code="a">Bayru&#772;t :</subfield><subfield code="b">Mat&#803;ba&#699;at al-Amri&#772;ka&#772;n,</subfield><subfield code="c">1888.</subfield></datafield><datafield ind1=" " ind2=" " tag="300"><subfield code="a">online resource (258 pages)</subfield></datafield><datafield ind1=" " ind2=" " tag="336"><subfield code="a">text</subfield><subfield code="2">rdacontent</subfield></datafield><datafield ind1=" " ind2=" " tag="337"><subfield code="a">computer</subfield><subfield code="2">rdamedia</subfield></datafield><datafield ind1=" " ind2=" " tag="338"><subfield code="a">online resource</subfield><subfield code="2">rdacarrier</subfield></datafield><datafield ind1=" " ind2=" " tag="500"><subfield code="a">Part of the Arabic Collections Online (ACO) project, contributed by Columbia University Libraries.</subfield></datafield><datafield ind1=" " ind2=" " tag="533"><subfield code="a">Electronic reproduction.</subfield><subfield code="b">New York, N.Y. :</subfield><subfield code="c">New York University,</subfield><subfield code="d">2015.</subfield><subfield code="5">NNU</subfield></datafield><datafield ind1=" " ind2="0" tag="650"><subfield code="a">Arabic language</subfield><subfield code="x">Grammar.</subfield></datafield><datafield ind1=" " ind2="0" tag="650"><subfield code="a">Arabic language</subfield><subfield code="x">Inflection.</subfield></datafield><datafield ind1=" " ind2="7" tag="650"><subfield code="a">Arabic language</subfield><subfield code="x">Grammar.</subfield><subfield code="2">fast</subfield><subfield code="0">(OCoLC)fst00812341</subfield></datafield><datafield ind1=" " ind2="7" tag="650"><subfield code="a">Arabic language</subfield><subfield code="x">Inflection.</subfield><subfield code="2">fast</subfield><subfield code="0">(OCoLC)fst00812360</subfield></datafield><datafield ind1="1" ind2=" " tag="700"><subfield code="6">880-06</subfield><subfield code="a">Shuqayr, Sa&#699;i&#772;d &#699;Abd Alla&#772;h.</subfield></datafield><datafield ind1="2" ind2=" " tag="710"><subfield code="a">Columbia University.</subfield><subfield code="b">Libraries.</subfield></datafield><datafield ind1="0" ind2=" " tag="730"><subfield code="a">Arabic Collections Online.</subfield></datafield><datafield ind1="0" ind2="8" tag="776"><subfield code="i">Online version:</subfield><subfield code="a">Ifti&#772;mu&#772;s, Yu&#772;suf Fa&#772;ris.</subfield><subfield code="s">T&#803;i&#772;b al-&#699;arf fi&#772; fann al-s&#803;arf.</subfield><subfield code="t">Kita&#772;b t&#803;i&#772;b al-&#699;arf fi&#772; fann al-s&#803;arf.</subfield><subfield code="d">Bayru&#772;t : Mat&#803;ba&#699;at al-Amri&#772;ka&#772;n, 1888</subfield><subfield code="w">(OCoLC)655020044</subfield></datafield><datafield ind1="0" ind2="8" tag="776"><subfield code="i">Print version:</subfield><subfield code="a">Ifti&#772;mu&#772;s, Yu&#772;suf Fa&#772;ris.</subfield><subfield code="t">Kita&#772;b t&#803;i&#772;b al-&#699;arf fi&#772; fann al-s&#803;arf</subfield><subfield code="w">(NNC)3110526</subfield><subfield code="w">(OCoLC)18250830</subfield></datafield><datafield ind1="4" ind2="0" tag="856"><subfield code="u">http://hdl.handle.net/2333.1/q83bk5g9</subfield></datafield><datafield ind1="1" ind2=" " tag="880"><subfield code="6">100-01/r</subfield><subfield code="a">&#1575;&#1601;&#1578;&#1610;&#1605;&#1608;&#1587;&#1548; &#1610;&#1608;&#1587;&#1601; &#1601;&#1575;&#1585;&#1587;.</subfield></datafield><datafield ind1="1" ind2="0" tag="880"><subfield code="6">240-02/r</subfield><subfield code="a">&#1591;&#1610;&#1576; &#1575;&#1604;&#1593;&#1585;&#1601; &#1601;&#1610; &#1601;&#1606; &#1575;&#1604;&#1589;&#1585;&#1601;</subfield></datafield><datafield ind1="1" ind2="0" tag="880"><subfield code="6">245-03/r</subfield><subfield code="a">&#1603;&#1578;&#1575;&#1576; &#1591;&#1610;&#1576; &#1575;&#1604;&#1593;&#1585;&#1601; &#1601;&#1610; &#1601;&#1606; &#1575;&#1604;&#1589;&#1585;&#1601; /</subfield><subfield code="c">[&#1610;&#1608;&#1587;&#1601; &#1601;&#1575;&#1585;&#1587; &#1575;&#1601;&#1578;&#1610;&#1605;&#1608;&#1587;&#1548; &#1587;&#1593;&#1610;&#1583; &#1593;&#1576;&#1583; &#1575;&#1604;&#1604;&#1607; &#1588;&#1602;&#1610;&#1585;].</subfield></datafield><datafield ind1="3" ind2=" " tag="880"><subfield code="6">246-04/r</subfield><subfield code="a">&#1591;&#1610;&#1576; &#1575;&#1604;&#1593;&#1585;&#1601; &#1601;&#1610; &#1601;&#1606; &#1575;&#1604;&#1589;&#1585;&#1601;</subfield></datafield><datafield ind1=" " ind2=" " tag="880"><subfield code="6">260-05/r</subfield><subfield code="a">&#1576;&#1610;&#1585;&#1608;&#1578; :</subfield><subfield code="b">&#1605;&#1591;&#1576;&#1593;&#1577; &#1575;&#1604;&#1575;&#1605;&#1585;&#1610;&#1603;&#1575;&#1606;&#1548;</subfield><subfield code="c">1888.</subfield></datafield><datafield ind1="1" ind2=" " tag="880"><subfield code="6">700-06/r</subfield><subfield code="a">&#1588;&#1602;&#1610;&#1585;&#1548; &#1587;&#1593;&#1610;&#1583; &#1593;&#1576;&#1583; &#1575;&#1604;&#1604;&#1607;.</subfield></datafield><datafield ind1=" " ind2=" " tag="959"><subfield code="a">NNU</subfield><subfield code="b">WEB</subfield><subfield code="c">GENI</subfield><subfield code="t">0</subfield><subfield code="m">Electronic access</subfield><subfield code="s">01</subfield></datafield><datafield ind1=" " ind2=" " tag="999"><subfield code="i">NNC_3110526</subfield><subfield code="o">(OCoLC)18250830</subfield></datafield></record>